@misc{game-developer-roadmap,
  author = {Kamran Ahmed},
  title  = {Game Developer Roadmap},
  year   = {2025},
  url    = {https://roadmap.sh/game-developer},
  note   = {Accessed: 2025-01-18}
}